% This file was created with Citavi 6.17.0.0

@book{.2023,
 year = {2023},
 title = {Proceedings of the Fourth ACM International Conference on AI in Finance},
 address = {[Erscheinungsort nicht ermittelbar]},
 publisher = {{Association for Computing Machinery}},
 isbn = {979-8-4007-0240-2},
 series = {ACM Digital Library}
}


@misc{Touvron.18Jul2023,
 author = {Touvron, Hugo and Martin, Louis and Stone, Kevin and Albert, Peter and Almahairi, Amjad and Babaei, Yasmine and Bashlykov, Nikolay and Batra, Soumya and Bhargava, Prajjwal and Bhosale, Shruti and Bikel, Dan and Blecher, Lukas and Ferrer, Cristian Canton and Chen, Moya and Cucurull, Guillem and Esiobu, David and Fernandes, Jude and Fu, Jeremy and Fu, Wenyin and Fuller, Brian and Gao, Cynthia and Goswami, Vedanuj and Goyal, Naman and Hartshorn, Anthony and Hosseini, Saghar and Hou, Rui and Inan, Hakan and Kardas, Marcin and Kerkez, Viktor and Khabsa, Madian and Kloumann, Isabel and Korenev, Artem and Koura, Punit Singh and Lachaux, Marie-Anne and Lavril, Thibaut and Lee, Jenya and Liskovich, Diana and Lu, Yinghai and Mao, Yuning and Martinet, Xavier and Mihaylov, Todor and Mishra, Pushkar and Molybog, Igor and Nie, Yixin and Poulton, Andrew and Reizenstein, Jeremy and Rungta, Rashi and Saladi, Kalyan and Schelten, Alan and Silva, Ruan and Smith, Eric Michael and Subramanian, Ranjan and Tan, Xiaoqing Ellen and Tang, Binh and Taylor, Ross and Williams, Adina and Kuan, Jian Xiang and Xu, Puxin and Yan, Zheng and Zarov, Iliyan and Zhang, Yuchen and Fan, Angela and Kambadur, Melanie and Narang, Sharan and Rodriguez, Aurelien and Stojnic, Robert and Edunov, Sergey and Scialom, Thomas},
 date = {18 Jul 2023},
 title = {Llama 2: Open Foundation and Fine-Tuned Chat Models},
 url = {http://arxiv.org/pdf/2307.09288v2}
}


@misc{Touvron.27Feb2023,
 author = {Touvron, Hugo and Lavril, Thibaut and Izacard, Gautier and Martinet, Xavier and Lachaux, Marie-Anne and Lacroix, Timoth{\'e}e and Rozi{\`e}re, Baptiste and Goyal, Naman and Hambro, Eric and Azhar, Faisal and Rodriguez, Aurelien and Joulin, Armand and Grave, Edouard and Lample, Guillaume},
 date = {27 Feb 2023},
 title = {LLaMA: Open and Efficient Foundation Language Models},
 url = {http://arxiv.org/pdf/2302.13971v1}
}


@misc{Singh.8Oct2020,
 author = {Singh, Abhishek},
 date = {8 Oct 2020},
 title = {PoinT-5: Pointer Network and T-5 based Financial NarrativeSummarisation},
 url = {http://arxiv.org/pdf/2010.04191v2}
}


@misc{Shao.24May2023,
 author = {Shao, Zhihong and Gong, Yeyun and Shen, Yelong and Huang, Minlie and Duan, Nan and Chen, Weizhu},
 date = {24 May 2023},
 title = {Enhancing Retrieval-Augmented Large Language Models with Iterative  Retrieval-Generation Synergy},
 url = {http://arxiv.org/pdf/2305.15294v2}
}


@misc{Shah.31Oct2022,
 author = {Shah, Raj Sanjay and Chawla, Kunal and Eidnani, Dheeraj and Shah, Agam and {Du Wendi} and Chava, Sudheer and Raman, Natraj and Smiley, Charese and Chen, Jiaao and Yang, Diyi},
 date = {31 Oct 2022},
 title = {WHEN FLUE MEETS FLANG: Benchmarks and Large Pre-trained Language Model  for Financial Domain},
 url = {http://arxiv.org/pdf/2211.00083v1}
}


@misc{SECOfficeofInvestorEducationandAdvocacy.2021,
 author = {{SEC Office of Investor Education and Advocacy}},
 year = {2021},
 title = {How to Read a 10-K/10-Q},
 url = {https://www.investor.gov/introduction-investing/general-resources/news-alerts/alerts-bulletins/investor-bulletins/how-read},
 urldate = {04/12/2024}
}


@misc{Scherrmann.15Nov2023,
 author = {Scherrmann, Moritz},
 date = {15 Nov 2023},
 title = {German FinBERT: A German Pre-trained Language Model},
 url = {http://arxiv.org/pdf/2311.08793v1}
}


@misc{Sawarkar.22Mar2024,
 author = {Sawarkar, Kunal and Mangal, Abhilasha and Solanki, Shivam Raj},
 date = {22 Mar 2024},
 title = {Blended RAG: Improving RAG (Retriever-Augmented Generation) Accuracy  with Semantic Search and Hybrid Query-Based Retrievers},
 url = {http://arxiv.org/pdf/2404.07220v1}
}


@misc{Sarthi.31Jan2024,
 author = {Sarthi, Parth and Abdullah, Salman and Tuli, Aditi and Khanna, Shubh and Goldie, Anna and Manning, Christopher D.},
 date = {31 Jan 2024},
 title = {RAPTOR: Recursive Abstractive Processing for Tree-Organized Retrieval},
 url = {http://arxiv.org/pdf/2401.18059v1}
}


@misc{Sai.27Aug2020,
 author = {Sai, Ananya B. and Mohankumar, Akash Kumar and Khapra, Mitesh M.},
 date = {27 Aug 2020},
 title = {A Survey of Evaluation Metrics Used for NLG Systems},
 url = {http://arxiv.org/pdf/2008.12009v2}
}


@misc{Rizinski.6Jun2023,
 author = {Rizinski, Maryan and Peshov, Hristijan and Mishev, Kostadin and Jovanovik, Milos and Trajanov, Dimitar},
 date = {6 Jun 2023},
 title = {Sentiment Analysis in Finance: From Transformers Back to eXplainable  Lexicons (XLex)},
 url = {http://arxiv.org/pdf/2306.03997v3},
 doi = {10.1109/ACCESS.2024.3349970}
}


@article{Rackauckas.2024,
 author = {Rackauckas, Zackary},
 year = {2024},
 title = {RAG-Fusion: a New Take on Retrieval-Augmented Generation},
 url = {http://arxiv.org/pdf/2402.03367v2},
 pages = {37--47},
 volume = {13},
 number = {1},
 issn = {23194111},
 journal = {International Journal on Natural Language Computing},
 doi = {10.5121/ijnlc.2024.13103}
}


@misc{QuentinAnthonyStellaBidermanHaileySchoelkopf.2023,
 author = {{Quentin Anthony, Stella Biderman, Hailey Schoelkopf}},
 year = {2023},
 title = {Transformer Math 101},
 url = {https://blog.eleuther.ai/transformer-math/},
 urldate = {12.05.2024}
}


@article{Pfitzmann.2022,
 author = {Pfitzmann, Birgit and Auer, Christoph and Dolfi, Michele and Nassar, Ahmed S. and Staar, Peter W. J.},
 year = {2022},
 title = {DocLayNet: A Large Human-Annotated Dataset for Document-Layout Analysis},
 url = {http://arxiv.org/pdf/2206.01062v1},
 pages = {3743--3751},
 doi = {10.1145/3534678.3539043}
}


@misc{Peters.15Feb2018,
 author = {Peters, Matthew E. and Neumann, Mark and Iyyer, Mohit and Gardner, Matt and Clark, Christopher and Lee, Kenton and Zettlemoyer, Luke},
 date = {15 Feb 2018},
 title = {Deep contextualized word representations},
 url = {http://arxiv.org/pdf/1802.05365v2}
}


@inproceedings{Pennington.2014,
 author = {Pennington, Jeffrey and Socher, Richard and Manning, Christopher},
 title = {Glove: Global Vectors for Word Representation},
 pages = {1532--1543},
 publisher = {{Association for Computational Linguistics}},
 editor = {{Alessandro Moschitti}, Qatar Computing Research Institute and {Bo Pang}, Google and {Walter Daelemans}, University of Antwerp},
 booktitle = {Proceedings of the 2014 Conference on Empirical Methods in Natural Language Processing (EMNLP)},
 year = {2014},
 address = {Stroudsburg, PA, USA},
 doi = {10.3115/v1/D14-1162}
}


@misc{Pasch.4Feb2022,
 author = {Pasch, Stefan and Ehnes, Daniel},
 date = {4 Feb 2022},
 title = {StonkBERT: Can Language Models Predict Medium-Run Stock Price Movements?},
 url = {http://arxiv.org/pdf/2202.02268v1}
}


@misc{USSEC.2024,
 author = {{US SEC}},
 year = {2024},
 title = {FORM 10-K ANNUAL REPORT PURSUANT TO SECTION 13 OR 15(d) OF THE SECURITIES EXCHANGE ACT OF 1934  GENERAL INSTRUCTIONS},
 url = {https://www.sec.gov/files/form10-k.pdf},
 urldate = {04/13/2024}
}


@misc{OpenAI.15Mar2023,
 author = {OpenAI},
 date = {15 Mar 2023},
 title = {GPT-4 Technical Report},
 url = {http://arxiv.org/pdf/2303.08774v6}
}


@misc{Vaswani.12Jun2017,
 author = {Vaswani, Ashish and Shazeer, Noam and Parmar, Niki and Uszkoreit, Jakob and Jones, Llion and Gomez, Aidan N. and Kaiser, Lukasz and Polosukhin, Illia},
 date = {12 Jun 2017},
 title = {Attention Is All You Need},
 url = {http://arxiv.org/pdf/1706.03762v7}
}


@misc{Wang.7Oct2023,
 author = {Wang, Neng and Yang, Hongyang and Wang, Christina Dan},
 date = {7 Oct 2023},
 title = {FinGPT: Instruction Tuning Benchmark for Open-Source Large Language  Models in Financial Datasets},
 url = {http://arxiv.org/pdf/2310.04793v2}
}


@misc{Zhao.31Mar2023,
 author = {Zhao, Wayne Xin and Zhou, Kun and Li, Junyi and Tang, Tianyi and Wang, Xiaolei and Hou, Yupeng and Min, Yingqian and Zhang, Beichen and Zhang, Junjie and Dong, Zican and {Du Yifan} and Yang, Chen and Chen, Yushuo and Chen, Zhipeng and Jiang, Jinhao and Ren, Ruiyang and Li, Yifan and Tang, Xinyu and Liu, Zikang and Liu, Peiyu and Nie, Jian-Yun and Wen, Ji-Rong},
 date = {31 Mar 2023},
 title = {A Survey of Large Language Models},
 url = {http://arxiv.org/pdf/2303.18223v13}
}


@misc{Zhang.18Feb2023,
 author = {Zhang, Yanci and Xia, Mengjia and Li, Mingyang and Mao, Haitao and Lu, Yutong and Lan, Yupeng and Ye, Jinlin and Dai, Rui},
 date = {18 Feb 2023},
 title = {Form 10-K Itemization},
 url = {http://arxiv.org/pdf/2303.04688v1}
}


@misc{Zhang.15Nov2023,
 author = {Zhang, Tianshu and Yue, Xiang and Li, Yifei and Sun, Huan},
 date = {15 Nov 2023},
 title = {TableLlama: Towards Open Large Generalist Models for Tables},
 url = {http://arxiv.org/pdf/2311.09206v1}
}


@misc{Zhang.22Jun2023,
 author = {Zhang, Boyu and Yang, Hongyang and Liu, Xiao-Yang},
 date = {22 Jun 2023},
 title = {Instruct-FinGPT: Financial Sentiment Analysis by Instruction Tuning of  General-Purpose Large Language Models},
 url = {http://arxiv.org/pdf/2306.12659v1}
}


@article{YoshuaBengioRejeanDucharmePascalVincentChristianJauvin.2003,
 author = {{Yoshua Bengio, R{\'e}jean Ducharme, Pascal Vincent, Christian Jauvin}},
 year = {2003},
 title = {A Neural Probabilistic Language Model},
 url = {https://www.jmlr.org/papers/volume3/bengio03a/bengio03a.pdf},
 pages = {1137--1155},
 number = {3},
 journal = {Journal of Machine Learning Research}
}


@misc{Yepes.5Feb2024,
 author = {Yepes, Antonio Jimeno and You, Yao and Milczek, Jan and Laverde, Sebastian and Li, Renyu},
 date = {5 Feb 2024},
 title = {Financial Report Chunking for Effective Retrieval Augmented Generation},
 url = {http://arxiv.org/pdf/2402.05131v3}
}


@misc{Yang.15Jun2020,
 author = {Yang, Yi and UY, Mark Christopher Siy and Huang, Allen},
 date = {15 Jun 2020},
 title = {FinBERT: A Pretrained Language Model for Financial Communications},
 url = {http://arxiv.org/pdf/2006.08097v2}
}


@misc{Yang.15Sep2023,
 author = {Yang, Yi and Tang, Yixuan and Tam, Kar Yan},
 date = {15 Sep 2023},
 title = {InvestLM: A Large Language Model for Investment using Financial Domain  Instruction Tuning},
 url = {http://arxiv.org/pdf/2309.13064v1}
}


@misc{Yang.23Aug2018,
 author = {Yang, Steve and Rosenfeld, Jason and Makutonin, Jacques},
 date = {23 Aug 2018},
 title = {Financial Aspect-Based Sentiment Analysis using Deep Representations},
 url = {http://arxiv.org/pdf/1808.07931v1}
}


@misc{Yang.9Jun2023,
 author = {Yang, Hongyang and Liu, Xiao-Yang and Wang, Christina Dan},
 date = {9 Jun 2023},
 title = {FinGPT: Open-Source Financial Large Language Models},
 url = {http://arxiv.org/pdf/2306.06031v1}
}


@misc{Yan.29Jan2024,
 author = {Yan, Shi-Qi and Gu, Jia-Chen and Zhu, Yun and Ling, Zhen-Hua},
 date = {29 Jan 2024},
 title = {Corrective Retrieval Augmented Generation},
 url = {http://arxiv.org/pdf/2401.15884v2}
}


@misc{Xu.6Oct2023,
 author = {Xu, Fangyuan and Shi, Weijia and Choi, Eunsol},
 date = {6 Oct 2023},
 title = {RECOMP: Improving Retrieval-Augmented LMs with Compression and Selective  Augmentation},
 url = {http://arxiv.org/pdf/2310.04408v1}
}


@misc{Xie.8Jun2023,
 author = {Xie, Qianqian and Han, Weiguang and Zhang, Xiao and Lai, Yanzhao and Peng, Min and Lopez-Lira, Alejandro and Huang, Jimin},
 date = {8 Jun 2023},
 title = {PIXIU: A Large Language Model, Instruction Data and Evaluation Benchmark  for Finance},
 url = {http://arxiv.org/pdf/2306.05443v1}
}


@misc{Xiao.14Sep2023,
 author = {Xiao, Shitao and Liu, Zheng and Zhang, Peitian and Muennighoff, Niklas and Lian, Defu and Nie, Jian-Yun},
 date = {14 Sep 2023},
 title = {C-Pack: Packaged Resources To Advance General Chinese Embedding},
 url = {http://arxiv.org/pdf/2309.07597v4}
}


@misc{Xia.14Jun2022,
 author = {Xia, Bolun {\textquotedbl}Namir{\textquotedbl} and Rawte, Vipula D. and Zaki, Mohammed J. and Gupta, Aparna},
 date = {14 Jun 2022},
 title = {FETILDA: An Effective Framework For Fin-tuned Embeddings For Long  Financial Text Documents},
 url = {http://arxiv.org/pdf/2206.06952v1}
}


@misc{Wu.30Mar2023,
 author = {Wu, Shijie and Irsoy, Ozan and Lu, Steven and Dabravolski, Vadim and Dredze, Mark and Gehrmann, Sebastian and Kambadur, Prabhanjan and Rosenberg, David and Mann, Gideon},
 date = {30 Mar 2023},
 title = {BloombergGPT: A Large Language Model for Finance},
 url = {http://arxiv.org/pdf/2303.17564v2}
}


@misc{Workshop.9Nov2022,
 author = {Workshop, BigScience and {Le Scao}, Teven and Fan, Angela and Akiki, Christopher and Pavlick, Ellie and Ili{\'c}, Suzana and Hesslow, Daniel and Castagn{\'e}, Roman and Luccioni, Alexandra Sasha and Yvon, Fran{\c{c}}ois and Gall{\'e}, Matthias and Tow, Jonathan and Rush, Alexander M. and Biderman, Stella and Webson, Albert and Ammanamanchi, Pawan Sasanka and Wang, Thomas and Sagot, Beno{\^i}t and Muennighoff, Niklas and {Del Moral}, Albert Villanova and Ruwase, Olatunji and Bawden, Rachel and Bekman, Stas and McMillan-Major, Angelina and Beltagy, Iz and Nguyen, Huu and Saulnier, Lucile and Tan, Samson and Suarez, Pedro Ortiz and Sanh, Victor and Lauren{\c{c}}on, Hugo and Jernite, Yacine and Launay, Julien and Mitchell, Margaret and Raffel, Colin and Gokaslan, Aaron and Simhi, Adi and Soroa, Aitor and Aji, Alham Fikri and Alfassy, Amit and Rogers, Anna and Nitzav, Ariel Kreisberg and Xu, Canwen and Mou, Chenghao and Emezue, Chris and Klamm, Christopher and Leong, Colin and {van Strien}, Daniel and Adelani, David Ifeoluwa and Radev, Dragomir and Ponferrada, Eduardo Gonz{\'a}lez and Levkovizh, Efrat and Kim, Ethan and Natan, Eyal Bar and Toni, Francesco De and Dupont, G{\'e}rard and Kruszewski, Germ{\'a}n and Pistilli, Giada and Elsahar, Hady and Benyamina, Hamza and Tran, Hieu and Yu, Ian and Abdulmumin, Idris and Johnson, Isaac and Gonzalez-Dios, Itziar and {La Rosa}, Javier de and Chim, Jenny and Dodge, Jesse and Zhu, Jian and Chang, Jonathan and Frohberg, J{\"o}rg and Tobing, Joseph and Bhattacharjee, Joydeep and Almubarak, Khalid and Chen, Kimbo and {Lo Kyle} and Werra, Leandro Von and Weber, Leon and Phan, Long and allal, Loubna Ben and Tanguy, Ludovic and Dey, Manan and Mu{\~n}oz, Manuel Romero and Masoud, Maraim and Grandury, Mar{\'i}a and {\v{S}}a{\v{s}}ko, Mario and Huang, Max and Coavoux, Maximin and Singh, Mayank and Jiang, Mike Tian-Jian and Vu, Minh Chien and Jauhar, Mohammad A. and Ghaleb, Mustafa and Subramani, Nishant and Kassner, Nora and Khamis, Nurulaqilla and Nguyen, Olivier and Espejel, Omar and Gibert, Ona de and Villegas, Paulo and Henderson, Peter and Colombo, Pierre and Amuok, Priscilla and Lhoest, Quentin and Harliman, Rheza and Bommasani, Rishi and L{\'o}pez, Roberto Luis and Ribeiro, Rui and Osei, Salomey and Pyysalo, Sampo and Nagel, Sebastian and Bose, Shamik and Muhammad, Shamsuddeen Hassan and Sharma, Shanya and Longpre, Shayne and Nikpoor, Somaieh and Silberberg, Stanislav and Pai, Suhas and Zink, Sydney and Torrent, Tiago Timponi and Schick, Timo and Thrush, Tristan and Danchev, Valentin and Nikoulina, Vassilina and Laippala, Veronika and Lepercq, Violette and Prabhu, Vrinda and Alyafeai, Zaid and Talat, Zeerak and Raja, Arun and Heinzerling, Benjamin and Si, Chenglei and Ta{\c{s}}ar, Davut Emre and Salesky, Elizabeth and Mielke, Sabrina J. and Lee, Wilson Y. and Sharma, Abheesht and Santilli, Andrea and Chaffin, Antoine and Stiegler, Arnaud and Datta, Debajyoti and Szczechla, Eliza and Chhablani, Gunjan and Wang, Han and Pandey, Harshit and Strobelt, Hendrik and Fries, Jason Alan and Rozen, Jos and Gao, Leo and Sutawika, Lintang and Bari, M. Saiful and Al-shaibani, Maged S. and Manica, Matteo and Nayak, Nihal and Teehan, Ryan and Albanie, Samuel and Shen, Sheng and Ben-David, Srulik and Bach, Stephen H. and Kim, Taewoon and Bers, Tali and Fevry, Thibault and Neeraj, Trishala and Thakker, Urmish and Raunak, Vikas and Tang, Xiangru and Yong, Zheng-Xin and Sun, Zhiqing and Brody, Shaked and Uri, Yallow and Tojarieh, Hadar and Roberts, Adam and Chung, Hyung Won and Tae, Jaesung and Phang, Jason and Press, Ofir and Li, Conglong and Narayanan, Deepak and Bourfoune, Hatim and Casper, Jared and Rasley, Jeff and Ryabinin, Max and Mishra, Mayank and Zhang, Minjia and Shoeybi, Mohammad and Peyrounette, Myriam and Patry, Nicolas and Tazi, Nouamane and Sanseviero, Omar and Platen, Patrick von and Cornette, Pierre and Lavall{\'e}e, Pierre Fran{\c{c}}ois and Lacroix, R{\'e}mi and Rajbhandari, Samyam and Gandhi, Sanchit and Smith, Shaden and Requena, St{\'e}phane and Patil, Suraj and Dettmers, Tim and Baruwa, Ahmed and Singh, Amanpreet and Cheveleva, Anastasia and Ligozat, Anne-Laure and Subramonian, Arjun and N{\'e}v{\'e}ol, Aur{\'e}lie and Lovering, Charles and Garrette, Dan and Tunuguntla, Deepak and Reiter, Ehud and Taktasheva, Ekaterina and Voloshina, Ekaterina and Bogdanov, Eli and Winata, Genta Indra and Schoelkopf, Hailey and Kalo, Jan-Christoph and Novikova, Jekaterina and Forde, Jessica Zosa and Clive, Jordan and Kasai, Jungo and Kawamura, Ken and Hazan, Liam and Carpuat, Marine and Clinciu, Miruna and Kim, Najoung and Cheng, Newton and Serikov, Oleg and Antverg, Omer and {van der Wal}, Oskar and Zhang, Rui and Zhang, Ruochen and Gehrmann, Sebastian and Mirkin, Shachar and Pais, Shani and Shavrina, Tatiana and Scialom, Thomas and Yun, Tian and Limisiewicz, Tomasz and Rieser, Verena and Protasov, Vitaly and Mikhailov, Vladislav and Pruksachatkun, Yada and Belinkov, Yonatan and Bamberger, Zachary and Kasner, Zden{\v{e}}k and Rueda, Alice and Pestana, Amanda and Feizpour, Amir and Khan, Ammar and Faranak, Amy and Santos, Ana and Hevia, Anthony and Unldreaj, Antigona and Aghagol, Arash and Abdollahi, Arezoo and Tammour, Aycha and HajiHosseini, Azadeh and Behroozi, Bahareh and Ajibade, Benjamin and Saxena, Bharat and Ferrandis, Carlos Mu{\~n}oz and McDuff, Daniel and Contractor, Danish and Lansky, David and David, Davis and Kiela, Douwe and Nguyen, Duong A. and Tan, Edward and Baylor, Emi and Ozoani, Ezinwanne and Mirza, Fatima and Ononiwu, Frankline and Rezanejad, Habib and Jones, Hessie and Bhattacharya, Indrani and Solaiman, Irene and Sedenko, Irina and Nejadgholi, Isar and Passmore, Jesse and Seltzer, Josh and Sanz, Julio Bonis and Dutra, Livia and Samagaio, Mairon and Elbadri, Maraim and Mieskes, Margot and Gerchick, Marissa and Akinlolu, Martha and McKenna, Michael and Qiu, Mike and Ghauri, Muhammed and Burynok, Mykola and Abrar, Nafis and Rajani, Nazneen and Elkott, Nour and Fahmy, Nour and Samuel, Olanrewaju and Ran and Kromann, Rasmus and Hao, Ryan and Alizadeh, Samira and Shubber, Sarmad and Wang, Silas and Roy, Sourav and Viguier, Sylvain and {Le Thanh} and Oyebade, Tobi and {Le Trieu} and Yang, Yoyo and Nguyen, Zach and Kashyap, Abhinav Ramesh and Palasciano, Alfredo and Callahan, Alison and Shukla, Anima and Miranda-Escalada, Antonio and Singh, Ayush and Beilharz, Benjamin and Wang, Bo and Brito, Caio and Zhou, Chenxi and Jain, Chirag and Xu, Chuxin and Fourrier, Cl{\'e}mentine and Peri{\~n}{\'a}n, Daniel Le{\'o}n and Molano, Daniel and Yu, Dian and Manjavacas, Enrique and Barth, Fabio and Fuhrimann, Florian and Altay, Gabriel and Bayrak, Giyaseddin and Burns, Gully and Vrabec, Helena U. and Bello, Imane and Dash, Ishani and Kang, Jihyun and Giorgi, John and Golde, Jonas and Posada, Jose David and Sivaraman, Karthik Rangasai and Bulchandani, Lokesh and Liu, Lu and Shinzato, Luisa and Bykhovetz, Madeleine Hahn de and Takeuchi, Maiko and P{\`a}mies, Marc and Castillo, Maria A. and Nezhurina, Marianna and S{\"a}nger, Mario and Samwald, Matthias and Cullan, Michael and Weinberg, Michael and Wolf, Michiel De and Mihaljcic, Mina and Liu, Minna and Freidank, Moritz and Kang, Myungsun and Seelam, Natasha and Dahlberg, Nathan and Broad, Nicholas Michio and Muellner, Nikolaus and Fung, Pascale and Haller, Patrick and Chandrasekhar, Ramya and Eisenberg, Renata and Martin, Robert and Canalli, Rodrigo and Su, Rosaline and Su, Ruisi and Cahyawijaya, Samuel and Garda, Samuele and Deshmukh, Shlok S. and Mishra, Shubhanshu and Kiblawi, Sid and Ott, Simon and Sang-aroonsiri, Sinee and Kumar, Srishti and Schweter, Stefan and Bharati, Sushil and Laud, Tanmay and Gigant, Th{\'e}o and Kainuma, Tomoya and Kusa, Wojciech and Labrak, Yanis and Bajaj, Yash Shailesh and Venkatraman, Yash and Xu, Yifan and Xu, Yingxin and Xu, Yu and Tan, Zhe and Xie, Zhongli and Ye, Zifan and Bras, Mathilde and Belkada, Younes and Wolf, Thomas},
 date = {9 Nov 2022},
 title = {BLOOM: A 176B-Parameter Open-Access Multilingual Language Model},
 url = {http://arxiv.org/pdf/2211.05100v4}
}


@misc{Wang.31Dec2023,
 author = {Wang, Liang and Yang, Nan and Huang, Xiaolong and Yang, Linjun and Majumder, Rangan and Wei, Furu},
 date = {31 Dec 2023},
 title = {Improving Text Embeddings with Large Language Models},
 url = {http://arxiv.org/pdf/2401.00368v3}
}


@misc{OpenAI.15Mar2023b,
 author = {OpenAI},
 date = {15 Mar 2023},
 title = {GPT-4 Technical Report},
 url = {http://arxiv.org/pdf/2303.08774v3}
}


@misc{Mikolov.16Jan2013,
 author = {Mikolov, Tomas and Chen, Kai and Corrado, Greg and Dean, Jeffrey},
 date = {16 Jan 2013},
 title = {Efficient Estimation of Word Representations in Vector Space},
 url = {http://arxiv.org/pdf/1301.3781v3}
}


@misc{MahmoudElHajPaulRaysonStevenYoungAndrewMooreMartinWalkerThomasSchleicherVasiliki.2016,
 author = {{Mahmoud El-Haj, Paul Rayson, Steven Young, Andrew Moore, Martin Walker, Thomas Schleicher, Vasiliki Athanasakou}},
 year = {2016},
 title = {Learning Tone and Attribution for Financial Text Mining},
 url = {https://aclanthology.org/L16-1287.pdf},
 address = {Proceedings of the Tenth International Conference on Language Resources and Evaluation (LREC'16)},
 urldate = {22.05.2024}
}


@article{DyerTravisandLangMarkH.andSticeLawrenceLorein.7Mar2016,
 author = {{Dyer, Travis and Lang, Mark H. and Stice-Lawrence, Lorein}},
 year = {7 Mar 2016},
 title = {The Evolution of 10-K Textual Disclosure: Evidence from Latent Dirichlet Allocation (August 2017)},
 url = {Available at SSRN: https://ssrn.com/abstract=2741682 or http://dx.doi.org/10.2139/ssrn.2741682},
 journal = {Journal of Accounting {\&} Economics (JAE), Forthcoming},
 file = {SSRN-id2741682:Attachments/SSRN-id2741682.pdf:application/pdf}
}


@misc{Dong.28May2024,
 author = {Dong, Jialin and Fatemi, Bahare and Perozzi, Bryan and Yang, Lin F. and Tsitsulin, Anton},
 date = {28 May 2024},
 title = {Don't Forget to Connect! Improving RAG with Graph-based Reranking},
 url = {http://arxiv.org/pdf/2405.18414v1}
}


@misc{Devlin.11Oct2018,
 author = {Devlin, Jacob and Chang, Ming-Wei and Lee, Kenton and Toutanova, Kristina},
 date = {11 Oct 2018},
 title = {BERT: Pre-training of Deep Bidirectional Transformers for Language  Understanding},
 url = {http://arxiv.org/pdf/1810.04805v2}
}


@misc{Clark.23Mar2020,
 author = {Clark, Kevin and Luong, Minh-Thang and {Le V}, Quoc and Manning, Christopher D.},
 date = {23 Mar 2020},
 title = {ELECTRA: Pre-training Text Encoders as Discriminators Rather Than  Generators},
 url = {http://arxiv.org/pdf/2003.10555v1}
}


@misc{Chun.24Oct2023,
 author = {Chun, Ye Eun and Kwon, Sunjae and Sohn, Kyunghwan and Sung, Nakwon and Lee, Junyoup and Seo, Byungki and Compher, Kevin and Hwang, Seung-won and Choi, Jaesik},
 date = {24 Oct 2023},
 title = {CR-COPEC: Causal Rationale of Corporate Performance Changes to Learn  from Financial Reports},
 url = {http://arxiv.org/pdf/2310.16095v1}
}


@book{ChristopherD.ManningPrabhakarRaghavanHinrichSchutze.20082022,
 author = {{Christopher D. Manning, Prabhakar Raghavan, Hinrich Sch{\"u}tze} and Manning, Christopher D. and Raghavan, Prabhakar and Sch{\"u}tze, Hinrich},
 year = {2008 // 2022},
 title = {Introduction to Information Retrieval // An introduction to information retrieval},
 url = {https://www-nlp.stanford.edu/IR-book/},
 address = {Cambridge},
 publisher = {{Cambridge University Press}},
 isbn = {0521865719}
}


@misc{Chen.8Oct2022,
 author = {Chen, Zhiyu and Li, Shiyang and Smiley, Charese and Ma, Zhiqiang and Shah, Sameena and Wang, William Yang},
 date = {8 Oct 2022},
 title = {ConvFinQA: Exploring the Chain of Numerical Reasoning in Conversational  Finance Question Answering},
 url = {http://arxiv.org/pdf/2210.03849v1}
}


@misc{Chen.1Sep2021,
 author = {Chen, Zhiyu and Chen, Wenhu and Smiley, Charese and Shah, Sameena and Borova, Iana and Langdon, Dylan and Moussa, Reema and Beane, Matt and Huang, Ting-Hao and Routledge, Bryan and Wang, William Yang},
 date = {1 Sep 2021},
 title = {FinQA: A Dataset of Numerical Reasoning over Financial Data},
 url = {http://arxiv.org/pdf/2109.00122v3}
}


@misc{Brown.28May2020,
 author = {Brown, Tom B. and Mann, Benjamin and Ryder, Nick and Subbiah, Melanie and Kaplan, Jared and Dhariwal, Prafulla and Neelakantan, Arvind and Shyam, Pranav and Sastry, Girish and Askell, Amanda and Agarwal, Sandhini and Herbert-Voss, Ariel and Krueger, Gretchen and Henighan, Tom and Child, Rewon and Ramesh, Aditya and Ziegler, Daniel M. and Wu, Jeffrey and Winter, Clemens and Hesse, Christopher and Chen, Mark and Sigler, Eric and Litwin, Mateusz and Gray, Scott and Chess, Benjamin and Clark, Jack and Berner, Christopher and McCandlish, Sam and Radford, Alec and Sutskever, Ilya and Amodei, Dario},
 date = {28 May 2020},
 title = {Language Models are Few-Shot Learners},
 url = {http://arxiv.org/pdf/2005.14165v4}
}


@book{Bishop.2024,
 author = {Bishop, Christopher M. and Bishop, Hugh},
 year = {2024},
 title = {Deep Learning: Foundations and concepts},
 address = {Cham},
 publisher = {Springer},
 isbn = {978-3-031-45467-7}
}


@misc{Barboza.30Jun2023,
 author = {Barboza, Eduardo V. L. and Almeida, Paulo R. Lisboa de and Britto, JR, Alceu de Souza and Cruz, Rafael M. O.},
 date = {30 Jun 2023},
 title = {Distance Functions and Normalization Under Stream Scenarios},
 url = {http://arxiv.org/pdf/2307.00106v2}
}


@misc{AustinHuangSurajSubramanianJonathanSumKhalidAlmubarakandStellaBiderman..2022,
 author = {{Austin Huang, Suraj Subramanian, Jonathan Sum, Khalid Almubarak, and Stella Biderman.}},
 year = {2022},
 title = {The Annotated Transformer},
 url = {https://nlp.seas.harvard.edu/annotated-transformer/}
}


@misc{Asai.17Oct2023,
 author = {Asai, Akari and Wu, Zeqiu and Wang, Yizhong and Sil, Avirup and Hajishirzi, Hannaneh},
 date = {17 Oct 2023},
 title = {Self-RAG: Learning to Retrieve, Generate, and Critique through  Self-Reflection},
 url = {http://arxiv.org/pdf/2310.11511v1}
}


@misc{Araci.27Aug2019,
 author = {Araci, Dogu},
 date = {27 Aug 2019},
 title = {FinBERT: Financial Sentiment Analysis with Pre-trained Language Models},
 url = {http://arxiv.org/pdf/1908.10063v1}
}


@misc{Anantha.10Dec2023,
 author = {Anantha, Raviteja and Bethi, Tharun and Vodianik, Danil and Chappidi, Srinivas},
 date = {10 Dec 2023},
 title = {Context Tuning for Retrieval Augmented Generation},
 url = {http://arxiv.org/pdf/2312.05708v1}
}


@proceedings{AlessandroMoschitti.2014,
 year = {2014},
 title = {Proceedings of the 2014 Conference on Empirical Methods in Natural Language Processing (EMNLP)},
 address = {Stroudsburg, PA, USA},
 publisher = {{Association for Computational Linguistics}},
 editor = {{Alessandro Moschitti}, Qatar Computing Research Institute and {Bo Pang}, Google and {Walter Daelemans}, University of Antwerp},
 doi = {10.3115/v1/D14-1}
}


@misc{Abdin.22Apr2024,
 author = {Abdin, Marah and Jacobs, Sam Ade and Awan, Ammar Ahmad and Aneja, Jyoti and Awadallah, Ahmed and Awadalla, Hany and Bach, Nguyen and Bahree, Amit and Bakhtiari, Arash and Bao, Jianmin and Behl, Harkirat and Benhaim, Alon and Bilenko, Misha and Bjorck, Johan and Bubeck, S{\'e}bastien and Cai, Qin and Cai, Martin and Mendes, Caio C{\'e}sar Teodoro and Chen, Weizhu and Chaudhary, Vishrav and Chen, Dong and Chen, Dongdong and Chen, Yen-Chun and Chen, Yi-Ling and Chopra, Parul and Dai, Xiyang and {Del Giorno}, Allie and Rosa, Gustavo de and Dixon, Matthew and Eldan, Ronen and Fragoso, Victor and Iter, Dan and Gao, Mei and Gao, Min and Gao, Jianfeng and Garg, Amit and Goswami, Abhishek and Gunasekar, Suriya and Haider, Emman and Hao, Junheng and Hewett, Russell J. and Huynh, Jamie and Javaheripi, Mojan and Jin, Xin and Kauffmann, Piero and Karampatziakis, Nikos and Kim, Dongwoo and Khademi, Mahoud and Kurilenko, Lev and Lee, James R. and Lee, Yin Tat and Li, Yuanzhi and Li, Yunsheng and Liang, Chen and Liden, Lars and Liu, Ce and Liu, Mengchen and Liu, Weishung and Lin, Eric and Lin, Zeqi and Luo, Chong and Madan, Piyush and Mazzola, Matt and Mitra, Arindam and Modi, Hardik and Nguyen, Anh and Norick, Brandon and Patra, Barun and Perez-Becker, Daniel and Portet, Thomas and Pryzant, Reid and Qin, Heyang and Radmilac, Marko and Rosset, Corby and Roy, Sambudha and Ruwase, Olatunji and Saarikivi, Olli and Saied, Amin and Salim, Adil and Santacroce, Michael and Shah, Shital and Shang, Ning and Sharma, Hiteshi and Shukla, Swadheen and Song, Xia and Tanaka, Masahiro and Tupini, Andrea and Wang, Xin and Wang, Lijuan and Wang, Chunyu and Wang, Yu and Ward, Rachel and Wang, Guanhua and Witte, Philipp and Wu, Haiping and Wyatt, Michael and Xiao, Bin and Xu, Can and Xu, Jiahang and Xu, Weijian and Yadav, Sonali and Yang, Fan and Yang, Jianwei and Yang, Ziyi and Yang, Yifan and Yu, Donghan and Yuan, Lu and Zhang, Chengruidong and Zhang, Cyril and Zhang, Jianwen and Zhang, Li Lyna and Zhang, Yi and Zhang, Yue and Zhang, Yunan and Zhou, Xiren},
 date = {22 Apr 2024},
 title = {Phi-3 Technical Report: A Highly Capable Language Model Locally on Your  Phone},
 url = {http://arxiv.org/pdf/2404.14219v3}
}


@misc{ElHaj.28Mar2019,
 author = {El-Haj, Mahmoud and Rayson, Paul and Walker, Martin and Young, Steven and Simaki, Vasiliki},
 date = {28 Mar 2019},
 title = {In Search of Meaning: Lessons, Resources and Next Steps for  Computational Analysis of Financial Discourse},
 url = {http://arxiv.org/pdf/1903.12271v1}
}


@misc{Fan.10May2024,
 author = {Fan, Wenqi and Ding, Yujuan and Ning, Liangbo and Wang, Shijie and Li, Hengyun and Yin, Dawei and Chua, Tat-Seng and Li, Qing},
 date = {10 May 2024},
 title = {A Survey on RAG Meeting LLMs: Towards Retrieval-Augmented Large Language  Models},
 url = {http://arxiv.org/pdf/2405.06211v3}
}


@misc{Gao.20Dec2022,
 author = {Gao, Luyu and Ma, Xueguang and Lin, Jimmy and Callan, Jamie},
 date = {20 Dec 2022},
 title = {Precise Zero-Shot Dense Retrieval without Relevance Labels},
 url = {http://arxiv.org/pdf/2212.10496v1}
}


@misc{Gao.18Dec2023,
 author = {Gao, Yunfan and Xiong, Yun and Gao, Xinyu and Jia, Kangxiang and Pan, Jinliu and Bi, Yuxi and Dai, Yi and Sun, Jiawei and Wang, Meng and Wang, Haofen},
 date = {18 Dec 2023},
 title = {Retrieval-Augmented Generation for Large Language Models: A Survey},
 url = {http://arxiv.org/pdf/2312.10997v5}
}


@article{Loukas.2021,
 author = {Loukas, Lefteris and Fergadiotis, Manos and Androutsopoulos, Ion and Malakasiotis, Prodromos},
 year = {2021},
 title = {EDGAR-CORPUS: Billions of Tokens Make The World Go Round},
 url = {http://arxiv.org/pdf/2109.14394v2},
 pages = {13--18},
 doi = {10.18653/v1/2021.econlp-1.2}
}


@misc{Liu.20Jul2023,
 author = {Liu, Xiao-Yang and Wang, Guoxuan and Yang, Hongyang and Zha, Daochen},
 date = {20 Jul 2023},
 title = {FinGPT: Democratizing Internet-scale Data for Financial Large Language  Models},
 url = {http://arxiv.org/pdf/2307.10485v2}
}


@misc{Liu.8Feb2023,
 author = {Liu, Shuaiqi and Cao, Jiannong and Yang, Ruosong and Wen, Zhiyuan},
 date = {8 Feb 2023},
 title = {Long Text and Multi-Table Summarization: Dataset and Method},
 url = {http://arxiv.org/pdf/2302.03815v1}
}


@article{Liang.,
 author = {Liang, Percy and Bommasani, Rishi and Lee, Tony and Tsipras, Dimitris and Soylu, Dilara and Yasunaga, Michihiro and Zhang, Yian and Narayanan, Deepak and Wu, Yuhuai and Kumar, Ananya and Newman, Benjamin and Yuan, Binhang and Yan, Bobby and Zhang, Ce and Cosgrove, Christian and Manning, Christopher D. and R{\'e}, Christopher and Acosta-Navas, Diana and Hudson, Drew A. and Zelikman, Eric and Durmus, Esin and Ladhak, Faisal and Rong, Frieda and Ren, Hongyu and Yao, Huaxiu and Wang, Jue and Santhanam, Keshav and Orr, Laurel and Zheng, Lucia and Yuksekgonul, Mert and Suzgun, Mirac and Kim, Nathan and Guha, Neel and Chatterji, Niladri and Khattab, Omar and Henderson, Peter and Huang, Qian and Chi, Ryan and Xie, Sang Michael and Santurkar, Shibani and Ganguli, Surya and Hashimoto, Tatsunori and Icard, Thomas and Zhang, Tianyi and Chaudhary, Vishrav and Wang, William and Li, Xuechen and Mai, Yifan and Zhang, Yuhui and Koreeda, Yuta},
 title = {Holistic Evaluation of Language Models},
 url = {http://arxiv.org/pdf/2211.09110v2},
 journal = {Published in Transactions on Machine Learning Research (TMLR)}
}


@misc{Li.28Sep2023,
 author = {Li, Yinheng and Wang, Shaofei and Ding, Han and Chen, Hang},
 date = {28 Sep 2023},
 title = {Large Language Models in Finance: A Survey},
 url = {http://arxiv.org/pdf/2311.10723v1}
}


@misc{Lewis.22May2020,
 author = {Lewis, Patrick and Perez, Ethan and Piktus, Aleksandra and Petroni, Fabio and Karpukhin, Vladimir and Goyal, Naman and K{\"u}ttler, Heinrich and Lewis, Mike and Yih, Wen-tau and Rockt{\"a}schel, Tim and Riedel, Sebastian and Kiela, Douwe},
 date = {22 May 2020},
 title = {Retrieval-Augmented Generation for Knowledge-Intensive NLP Tasks},
 url = {http://arxiv.org/pdf/2005.11401v4}
}


@misc{Lee.4Feb2024,
 author = {Lee, Jean and Stevens, Nicholas and Han, Soyeon Caren and Song, Minseok},
 date = {4 Feb 2024},
 title = {A Survey of Large Language Models in Finance (FinLLMs)},
 url = {http://arxiv.org/pdf/2402.02315v1}
}


@misc{Konstantinidis.18Mar2024,
 author = {Konstantinidis, Thanos and Iacovides, Giorgos and Xu, Mingxue and Constantinides, Tony G. and Mandic, Danilo},
 date = {18 Mar 2024},
 title = {FinLlama: Financial Sentiment Classification for Algorithmic Trading  Applications},
 url = {http://arxiv.org/pdf/2403.12285v1}
}


@article{Zheng.,
 author = {Zheng, Xinyi and Burdick, Doug and Popa, Lucian and Zhong, Xu and Wang, Nancy Xin Ru},
 title = {Global Table Extractor (GTE): A Framework for Joint Table Identification  and Cell Structure Recognition Using Visual Context},
 url = {http://arxiv.org/pdf/2005.00589v2}
}


@misc{Joulin.6Jul2016,
 author = {Joulin, Armand and Grave, Edouard and Bojanowski, Piotr and Mikolov, Tomas},
 date = {6 Jul 2016},
 title = {Bag of Tricks for Efficient Text Classification},
 url = {http://arxiv.org/pdf/1607.01759v3}
}


@misc{Islam.20Nov2023,
 author = {Islam, Pranab and Kannappan, Anand and Kiela, Douwe and Qian, Rebecca and Scherrer, Nino and Vidgen, Bertie},
 date = {20 Nov 2023},
 title = {FinanceBench: A New Benchmark for Financial Question Answering},
 url = {http://arxiv.org/pdf/2311.11944v1}
}


@misc{Huang.9Nov2023,
 author = {Huang, Lei and Yu, Weijiang and Ma, Weitao and Zhong, Weihong and Feng, Zhangyin and Wang, Haotian and Chen, Qianglong and Peng, Weihua and Feng, Xiaocheng and Qin, Bing and Liu, Ting},
 date = {9 Nov 2023},
 title = {A Survey on Hallucination in Large Language Models: Principles,  Taxonomy, Challenges, and Open Questions},
 url = {http://arxiv.org/pdf/2311.05232v1}
}


@misc{Hu.17Jun2021,
 author = {Hu, Edward J. and Shen, Yelong and Wallis, Phillip and Allen-Zhu, Zeyuan and Li, Yuanzhi and Wang, Shean and Wang, Lu and Chen, Weizhu},
 date = {17 Jun 2021},
 title = {LoRA: Low-Rank Adaptation of Large Language Models},
 url = {http://arxiv.org/pdf/2106.09685v2}
}


@article{Hochreiter.1997,
 author = {Hochreiter, S. and Schmidhuber, J.},
 year = {1997},
 title = {Long short-term memory},
 pages = {1735--1780},
 volume = {9},
 number = {8},
 issn = {0899-7667},
 journal = {Neural computation},
 doi = {10.1162/neco.1997.9.8.1735}
}


@misc{Han.18Oct2023,
 author = {Han, Yikun and Liu, Chunjiang and Wang, Pengfei},
 date = {18 Oct 2023},
 title = {A Comprehensive Survey on Vector Database: Storage and Retrieval  Technique, Challenge},
 url = {http://arxiv.org/pdf/2310.11703v1}
}


@misc{Gupta.6Sep2023,
 author = {Gupta, Udit},
 date = {6 Sep 2023},
 title = {GPT-InvestAR: Enhancing Stock Investment Strategies through Annual  Report Analysis with Large Language Models},
 url = {http://arxiv.org/pdf/2309.03079v1}
}


@article{GeorgeA.Miller.1995,
 author = {{George A. Miller}},
 year = {1995},
 title = {WordNet: A Lexical Database for English},
 url = {https://doi.org/10.1145/219717.21974},
 urldate = {18.07.2024},
 pages = {39--41},
 volume = {38},
 number = {11},
 journal = {Communications of the ACM}
}


@misc{Ge.26Jan2023,
 author = {Ge, Haosen},
 date = {26 Jan 2023},
 title = {Measuring Regulatory Barriers Using Annual Reports of Firms},
 url = {http://arxiv.org/pdf/2301.11084v1}
}


@article{J.R.Firth.1957,
 author = {{J. R. Firth}},
 year = {1957},
 title = {Applications of General Linguistics},
 url = {https://doi.org/10.1111/j.1467-968X.1957.tb00568.x},
 volume = {56},
 number = {1},
 journal = {Transactions of the Philological Society}
}


@article{ZhuangLiuDegenHuangKaiyuHuangZhuangLiJunZhao.2020,
 author = {{Zhuang Liu, Degen Huang, Kaiyu Huang, Zhuang Li, Jun Zhao}},
 year = {2020},
 title = {FinBERT: A Pre-trained Financial Language Representation Model for Financial Text Mining},
 url = {https://api.semanticscholar.org/CorpusID:265038146}
}


@misc{Balaguer.16Jan2024,
 author = {Balaguer, Angels and Benara, Vinamra and Cunha, Renato Luiz de Freitas and Filho, Roberto de M. Estev{\~a}o and Hendry, Todd and Holstein, Daniel and Marsman, Jennifer and Mecklenburg, Nick and Malvar, Sara and Nunes, Leonardo O. and Padilha, Rafael and Sharp, Morris and Silva, Bruno and Sharma, Swati and Aski, Vijay and Chandra, Ranveer},
 date = {16 Jan 2024},
 title = {RAG vs Fine-tuning: Pipelines, Tradeoffs, and a Case Study on  Agriculture},
 url = {http://arxiv.org/pdf/2401.08406v3}
}


@misc{Yu.13May2024,
 author = {Yu, Hao and Gan, Aoran and Zhang, Kai and Tong, Shiwei and Liu, Qi and Liu, Zhaofeng},
 date = {13 May 2024},
 title = {Evaluation of Retrieval-Augmented Generation: A Survey},
 url = {http://arxiv.org/pdf/2405.07437v2}
}

